<?xml version="1.0" encoding="UTF-8"?>
<SOAP-ENV:Envelope xmlns:SOAP-ENV="http://schemas.xmlsoap.org/soap/envelope/" xmlns:of="http://oss.dbc.dk/ns/openformat" xmlns:ofo="http://oss.dbc.dk/ns/openformatoutput"><SOAP-ENV:Body><of:formatResponse><marc:record xmlns:marc="http://www.loc.gov/MARC21/slim"><leader>00000nam a22000000c 4500</leader><controlfield tag="001">870970:01550101</controlfield><controlfield tag="003">DKDLA</controlfield><controlfield tag="005">20040901001845.0</controlfield><controlfield tag="007">ta</controlfield><controlfield tag="008">770418r19851960dk |||||||||| 00||fdan||</controlfield><datafield ind1="1" ind2=" " tag="100"><subfield code="a">Salinger, J. D.</subfield></datafield><datafield ind1=" " ind2="0" tag="245"><subfield code="a">Forbandede ungdom</subfield></datafield><datafield ind1=" " ind2=" " tag="250"><subfield code="a">2. udgave</subfield></datafield><datafield ind1=" " ind2=" " tag="260"><subfield code="b">[Gyldendal],</subfield><subfield code="c">1985</subfield></datafield><datafield ind1=" " ind2=" " tag="300"><subfield code="a">222 sider</subfield></datafield><datafield ind1=" " ind2=" " tag="490"><subfield code="a">Gyldendals tranebøger</subfield></datafield></marc:record></of:formatResponse></SOAP-ENV:Body></SOAP-ENV:Envelope>
